2875 4925
443 464 683 520 PRAEFATIO„
932 467 936 474 '
1025 459 1073 516 vt(

50 639 145 708 diuae
162 634 277 700 Alciati
294 623 480 718 praelatione
496 641 528 698 et
543 632 790 697 annotationibus
802 633 986 718 praemissae
994 603 1073 695 suut.

49 719 170 787 Beatus
191 717 357 783 Rhenanus
375 716 498 782 addidit·
509 717 683 796 elenchum,
705 718 757 801 qui
774 737 811 779 ea
827 715 1013 801 potissimum
1028 717 1074 779 in·

51 807 151 882 dicat,
177 823 254 888 quae
275 803 312 865 ad
334 817 384 866 res
407 801 589 866 Germaniae
611 803 779 886 pertinent,
808 820 898 885 opere
920 800 1031 863 cursim
1046 811 1077 862 et

53 891 182 972 carptim
195 887 327 986 ‘evoluto
349 897 543 985 cunqespump
569 885 688 984 libellus
709 891 786 950 hero
807 885 845 948 de
864 884 1000 958 mumius
1018 893 1076 946 ceta

54 972 242 1040 Germaniae
263 991 283 1034 a
303 970 484 1055 prodigiosus
501 971 617 1034 mendis
634 979 780 1068 purgatus
797 989 866 1032 esse
883 989 938 1053 per
952 968 1079 1031 eundem

55 1055 185 1130 Beatum
205 1054 388 1119 Rhanauum
408 1054 554 1120 beneficio
574 1054 687 1119 codicis
707 1052 884 1119 vetustioris
906 1053 957 1135 (de
974 1071 1034 1136 quo
1049 1071 1081 1115 v.
1157 1098 1160 1103 -
1195 1051 1198 1057 ’

56 1140 182 1206 Ernesti
199 1139 431 1224 praefationem)
446 1138 654 1237 praedicature
692 1140 807 1203 referta
824 1147 988 1201 astantem
1007 1137 1081 1199 haee

56 1221 150 1291 editio
175 1244 335 1309 operarum
359 1224 527 1289 erroribus.
580 1244 648 1289 cum
672 1222 817 1288 Ernestic
841 1220 956 1287 Alciati
984 1220 1085 1304 (Alc.)

56 1309 220 1374 editionem
237 1306 401 1372 nominavi.
434 1363 437 1372 .
1077 1318 1080 1322 ’

144 1391 192 1455 Ile
210 1392 304 1474 prima
323 1390 463 1454 Rhenani
480 1391 707 1475 recognitione,
726 1410 803 1475 quae
818 1387 960 1456 Basileus
975 1406 1017 1456 ex
1035 1388 1081 1473 oi·

59 1476 150 1541 licina
170 1475 363 1540 Frobeniana
384 1471 495 1560 prodiit
514 1497 543 1539 a·
562 1478 663 1554 1533,
685 1487 755 1561 post
769 1495 809 1538 ea
825 1493 903 1558 quae
919 1471 1082 1536 Ernestius

28 1561 35 1569 ’
59 1561 94 1624 iu
120 1560 307 1644 praefatione
333 1559 476 1623 disseruit
499 1579 595 1643 pauca
621 1571 738 1629 tautum
760 1559 832 1622 mihi
854 1558 979 1621 dicenda
1000 1566 1083 1619 sunu

60 1646 94 1708 iu
112 1644 236 1729 epistola
255 1644 292 1705 ad
309 1640 498 1710 Bernardum
516 1642 914 1728 episcopumbTrideutiuum
930 1642 995 1724 ipse
1008 1640 1084 1702 fate·
1115 1665 1117 1669 ·

64 1740 128 1808 tur,
156 1728 213 1806 ‚pin
230 1727 330 1790 libello
349 1725 580 1806 Germanorum,
598 1738 753 1790 oratorum
771 1726 895 1808 dialogo
907 1721 1085 1807 Agricolae-

63 1833 148 1895 „que
169 1812 231 1874 vita
249 1811 308 1874 sihi
329 1811 460 1875 uetuisse
478 1809 596 1894 quidem
612 1811 742 1896 scriptos
759 1810 878 1873 codices
895 1829 962 1872 cum
980 1806 1086 1889 quihus

64 1898 256 1976 „conferret
273 1905 407 1961 ceterum
424 1916 458 1966 se
475 1895 634 1959 editionem
650 1896 804 1978 vulgatam
821 1892 1008 1978 percurrisse
1024 1909 1086 1953 nou

65 2000 232 2064 „prorsum
251 1979 445 2061 indiligenter
465 1999 502 2044 ac
526 1981 592 2043 loca
613 1980 759 2062 quaedam
784 1977 955 2041 accuratius
977 1993 1089 2038 excus-

68 2064 214 2143 „sisse.“
239 2063 332 2126 editio
348 2062 472 2146 vulgata
489 2063 602 2126 hleiati
618 2073 677 2142 est,
697 2063 783 2127 cuius
799 2057 934 2141 errores,
953 2060 1002 2143 qui
1014 2079 1088 2120 non·

66 2166 219 2229 nunquam
240 2166 283 2212 ex
304 2146 436 2209 editione
456 2145 598 2211 Beroaldi
619 2148 791 2225 fluxerunt,
814 2146 872 2230 ipsi
893 2154 982 2208 nous
999 2151 1089 2226 atque

59 2230 293 2296 “emendationes
317 2241 508 2314 pepererunt.
559 2230 686 2317 plurima
707 2231 875 2295 Rhenanus
896 2227 1034 2292 correxit
1056 2226 1090 2289 in

71 2314 337 2394 castigationibus3
354 2315 447 2378 multa
464 2314 555 2378 etiam
572 2315 663 2377 tacite
680 2314 862 2393 emendavit,
881 2312 1017 2397 quamvis
1035 2309 1091 2373 hac

12 2464 14 2479 s
71 2400 109 2463 de
127 2418 162 2463 re
179 2397 364 2464 dubitaverit
376 2396 539 2465 Ernestius
557 2399 596 2460 ad
612 2398 754 2483 cupid.
792 2398 853 2460 alia
871 2397 986 2460 monuit
1002 2406 1093 2479 atque
1164 2453 1167 2460 .

70 2483 260 2563 immutavit,
287 2482 441 2565 praeclare
462 2492 563 2545 eutem
583 2481 798 2565 interpretatus
820 2493 867 2546 est
888 2482 920 2544 iu
938 2479 1092 2544 thesauro
1122 2494 1128 2502 ’

71 2567 347 2631 constructionum
373 2573 408 2628 et
432 2566 629 2629 locutionum
656 2575 828 2629 ciconum
851 2565 966 2635 Tacito
987 2565 1094 2627 sotem

71 2654 176 2728 aciem,
200 2650 250 2733 qui
267 2670 305 2712 ea
322 2670 411 2733 quam
427 2649 486 2733 ipsi
502 2648 664 2713 Ernestins
680 2650 788 2713 trihuit
803 2651 891 2714 laude
909 2651 1017 2733 dignus
1035 2654 1092 2711 est.

71 2745 215 2817 quantum
239 2733 309 2796 huic
330 2732 438 2796 edituri
454 2732 580 2796 Tacitus
602 2733 725 2814 debeat,
747 2755 787 2797 ex
806 2745 949 2796 accurata
965 2733 1095 2815 castiga

71 2818 187 2881 donum
204 2816 334 2880 lectione
351 2826 448 2900 patet3
468 2836 566 2899 neque
582 2816 762 2881 temeritatis
779 2838 847 2882 eum
864 2827 1020 2904 tantopere
1029 2837 1096 2877 cum

71 2898 196 2965 Murato
213 2901 433 2975 accusaverim,
455 2921 545 2983 quum
567 2902 681 2965 maiora
703 2902 767 2965 siut
782 2904 848 2964 eius
864 2903 986 2979 mstita,
1007 2920 1096 2982 quam

73 2984 235 3048 multorum
261 2995 330 3068 post
351 3005 419 3048 eum
442 2982 474 3047 in
495 2983 582 3047 libris
602 2984 702 3048 Taciti
724 2986 949 3068 corrumpendis
966 2985 1097 3047 studium

75 3079 167 3150 atque
192 3068 351 3133 industria.
398 3069 531 3133 alteram
551 3068 691 3132 Rhenani
717 3070 878 3132 editionem
899 3089 929 3133 a.
954 3070 1041 3137 15⁴4
1065 3069 1097 3130 iu

74 3152 181 3233 eadem
206 3150 281 3213 urhe
307 3162 340 3213 et
363 3151 486 3217 officina
509 3152 667 3237 repetitam
690 3174 750 3217 non
773 3152 903 3232 contuli3
930 3152 1006 3216 utilril
1026 3150 1098 3214 novi

76 3233 211 3296 additum
229 3253 326 3314 neque
341 3232 501 3316 quidquam
517 3246 675 3301 mutatum.
716 3235 793 3316 [Hos
806 3237 903 3300 libros
920 3236 1029 3300 iterum
1043 3254 1099 3297 ex·

75 3316 224 3379 aruinavit
246 3315 437 3383 Godosredus
461 3315 659 3395 liaenrmerer
680 3315 811 3383 Silesius
836 3321 868 3382 in
889 3317 1100 3384 dissertatione

76 3419 168 3482 quum
192 3399 314 3482 scripsit
339 3400 381 3463 de
404 3401 516 3469 indole
544 3424 586 3467 ac
612 3405 723 3488 pretio
749 3404 895 3467 codicum
920 3423 994 3468 mss.
1023 3400 1099 3476 Tac.

77 3482 117 3548 A
141 3485 203 3548 m‘c.
232 3493 267 3546 et
285 3484 464 3553 aditionem
484 3496 629 3555 vetemus
647 3488 693 3551 ad
707 3485 854 3574 &priua
875 3507 994 3576 usqae,
1020 3484 1100 3553 Vra·
1161 3515 1169 3527 ³

72 3504 220 3629 vtisiaviae
238 3569 345 3649 teat]
696 3595 702 3603 ⁴

164 3648 327 3713 Praeterea
346 3653 536 3717 consulebam
552 3652 666 3718 Mureti
682 3666 786 3736 uoms,
803 3655 951 3720 editiones
967 3654 1101 3720 Franco-

79 3735 245 3796 iurtensem
264 3745 296 3797 et
312 3734 525 3800 coloniensem
544 3739 595 3819 (de
652 3737 720 3803 ihus
731 3762 764 3805 v.
780 3736 876 3804 meam
886 3739 1101 3824 praefationem

14 3884 19 3889 ,
78 3816 118 3878 ad
141 3814 228 3878 Diale
252 3839 301 3879 um
320 3838 352 3902 p.
376 3815 465 3902 Vll),
489 3818 601 3904 Lipsii,
674 3824 841 3908 rneggeri,.
862 3822 1100 3898 (iucundorum,

80 3899 223 3977 Gesneri‚
265 3900 383 3978 raterii,
397 3901 545 3980 Ernestii,
559 3901 803 3990 Bipoutiuorum‚
816 3903 941 3989 Regali,
951 3903 1100 3969 0herliui.

749 4169 836 4234 uihus
848 4146 968 4233 adiutus
980 4167 1105 4248 primam

83 4166 216 4264 -ΗΑι
234 4166 309 4230 haec
325 4167 419 4250 igitur
435 4170 552 4253 aliaque
568 4168 758 4313 subsidiuqi
796 4252 805 4268 .
886 4250 894 4266 .
954 4247 963 4263 ·
1078 4251 1086 4264 .

83 4248 244 4313 editionem
266 4270 460 4334 paraveram,
487 4272 569 4318 uuuc
590 4252 714 4316 alterius
759 4251 806 4316 hrr
822 4254 964 4317 Vaticani
986 4247 1106 4312 collatio
