2875 4925
343 473 404 524 vlu
618 517 624 526 .
752 468 987 522 PRAEFATIO.

344 640 489 707 occessit.
551 648 710 730 κήρυκι
733 635 849 721 quidem
873 634 1068 720 Magg’orani
1097 637 1255 717 „codicem
1291 643 1392 709 3429

345 722 470 790 micon
488 727 523 792 in
542 729 687 795 Vaticana
702 741 769 784 esse
786 720 823 782 dc
841 720 904 786 vita
919 722 1127 805 Agricolae“;
1147 724 1200 785 scd
1219 746 1320 806 quum
1337 725 1392 788 la-

346 809 444 874 cobus
459 807 603 874 Clemens
625 803 847 872 Conllucntinns
864 804 983 869 iuvenis
1004 807 1132 890 optimus
1149 808 1281 890 mihique
1304 809 1391 872 ami-

349 895 488 960 cissimus
508 894 624 975 aliquot
643 896 715 953 antc'
733 886 822 950 anuis
844 889 1010 952 studiorum
1037 910 1129 954 causa
1150 890 1270 954 Romae
1294 916 1391 957 eom-

349 987 536 1053 mcraretur,
560 997 628 1038 eum
650 972 787 1056 precibus
805 972 886 1049 atii,
904 985 939 1036 ut
956 986 1132 1056 quaereret,
1154 976 1276 1038 ubinam
1297 979 1391 1041 alter

351 1065 447 1127 codex
463 1079 550 1141 quern
566 1056 726 1121 Brotcrius
748 1056 778 1120 in
796 1058 934 1120 manibus
953 1058 1098 1121 babuerat
1119 1060 1237 1122 lateret.
1281 1073 1390 1144 atque

349 1147 377 1211 ie
395 1144 525 1209 codicem
543 1162 601 1204 non
620 1141 715 1202 solum
734 1142 876 1224 repperit,
894 1145 946 1205 sed
964 1144 1053 1206 etiam
1073 1144 1231 1206 lectionem
1248 1147 1389 1208 varian-

348 1238 409 1292 tem
425 1247 514 1310 qnam
531 1224 758 1305 diligentissime
777 1226 911 1289 enotavit
928 1238 1138 1309 enotatamqne
1155 1249 1270 1292 mecum
1290 1252 1389 1292 com-

345 1310 521 1374 municavit.
566 1328 624 1391 qua
642 1308 801 1377 collatione
820 1311 930 1373 lactum
950 1322 1009 1383 est,
1032 1322 1065 1373 nt
1082 1312 1172 1374 ctiam
1192 1313 1227 1375 de
1246 1313 1302 1377 hoo
1327 1334 1389 1377 co·

346 1394 412 1458 dice
428 1414 516 1478 quem
534 1391 560 1455 Β
577 1391 697 1470 signavi
715 1412 796 1455 nnnc
813 1396 925 1457 rectius
943 1395 1076 1457 iudicare
1094 1397 1252 1478 possimus.
1291 1395 1389 1460 Bro-

345 1478 444 1543 terius
459 1476 539 1540 enim
556 1476 658 1538 cadem
677 1495 736 1558 qua
755 1478 881 1541 alterum
900 1478 1016 1540 incuria
1034 1480 1243 1564 huncquoque
1260 1480 1386 1542 librum

347 1563 490 1629 tractavit
513 1570 545 1623 et
568 1559 670 1642 paucis
698 1570 813 1624 tantum
840 1562 914 1625 locis
940 1563 1081 1647 inspexit.
1125 1567 1388 1627 membranaceus

347 1656 394 1711 est
416 1648 530 1710 lormue
557 1643 770 1725 quartanariae
792 1646 914 1707 sacculo
935 1645 1037 1728 quinto
1061 1647 1174 1709 decimo
1196 1649 1289 1710 nitide
1317 1650 1387 1711 secl

346 1730 488 1794 mendose
510 1732 650 1812 scriptus.
694 1750 761 1792 cum
785 1730 886 1792 codice
907 1729 936 1792 A
959 1729 1214 1814 saepeconsentit
1231 1730 1262 1792 in
1281 1731 1385 1795 bonis

346 1823 379 1878 ct
396 1812 495 1886 molis,
516 1812 548 1875 iu
566 1812 715 1896 corruptis
734 1823 765 1876 ct
781 1813 909 1897 integris
927 1813 1117 1878 lectionibus.
1162 1815 1193 1876 in
1211 1811 1276 1877 aliis
1294 1815 1384 1879 locis

387 1918 472 1960 orum
494 1917 639 1959 numerus
660 1907 708 1960 cst
729 1898 806 1961 satis
826 1918 954 1978 magnus
976 1898 1013 1962 ab
1031 1900 1082 1960 illo
1099 1899 1238 1961 dissentit
1255 1910 1383 1963 etcum

345 1919 505 2047 attelani
525 1980 604 2043 libro
626 1982 800 2045 concordat.
842 1992 971 2046 attamen
993 1993 1152 2065 utrumque
1174 1984 1303 2046 codicem
1327 2002 1382 2045 ex

346 2066 450 2130 cedem
467 2063 632 2152 archetypo
649 2066 831 2150 descriptum
850 2087 918 2129 csse
936 2067 1090 2145 existimo,
1110 2065 1137 2128 B
1155 2089 1228 2131 vero
1242 2067 1382 2130 ascriba

347 2151 422 2215 satis
443 2148 517 2212 rudi¹
531 2161 628 2233 atque·
647 2148 795 2231 imperito.
837 2147 891 2211 Ex
908 2150 1003 2212 altero
1021 2151 1123 2213 codice
1141 2149 1296 2226 Brotcrius
1315 2150 1383 2214 ali·

347 2244 420 2320 quot
439 2231 541 2297 varias
561 2232 707 2296 lectiones
729 2229 911 2316 protulerat,
939 2253 1013 2315 quas
1034 2231 1266 2318 Maggioranius
1284 2255 1381 2318 prae·

306 2347 310 2350 ·
346 2318 464 2384 toriissc
492 2318 576 2385 visus
602 2325 661 2379 est.
689 2335 759 2379 ‘eas
784 2316 841 2380 sub
867 2314 1000 2384 Broterii
1027 2320 1148 2382 nomine
1168 2320 1381 2383 laudaveram.

346 2402 515 2484 sedquum
542 2401 662 2464 casdem
686 2398 832 2465 lectiones
854 2400 982 2466 lacobus
1006 2400 1146 2467 Clemens
1168 2405 1200 2467 in
1224 2405 1327 2467 codice
1348 2402 1380 2468 B

331 2487 508 2567 invenerit,
525 2484 700 2552 Broterium
717 2486 855 2569 suspicor
872 2486 1005 2546 codicum
1024 2506 1164 2548 numeros
1182 2489 1213 2549 in
1232 2489 1279 2551 his
1296 2488 1382 2551 locis

263 2579 271 2592 '
384 2581 533 2637 rmutasse
555 2580 587 2634 et
608 2590 762 2633 numerum
786 2570 871 2634 3429
891 2589 946 2652 pro
967 2567 1063 2629 altero
1081 2587 1206 2630 numero
1224 2572 1381 2651 posuisse.

345 2592 509 2722 linconen
532 2655 624 2717 etiam
646 2654 757 2716 codicis
774 2652 804 2714 A
820 2652 964 2717 lectiones
983 2672 1060 2715 nunc
1078 2652 1247 2714 accuratius
1265 2666 1384 2718 enota-

285 2780 290 2783 -
346 2751 396 2805 tac
413 2749 494 2806 sunt.
533 2739 656 2801 luerunt
672 2738 751 2801 enirn
769 2735 829 2798 loci
846 2756 1022 2820 quamquam
1045 2758 1106 2800 non
1129 2735 1227 2811 molti,
1249 2734 1281 2798 in
1303 2740 1382 2819 qui-

346 2825 402 2889 bus
415 2835 469 2886 aut
485 2842 547 2886 uon
563 2843 667 2886 veram
685 2832 739 2883 aut
756 2841 816 2882 non
833 2820 982 2903 integram
1002 2821 1089 2884 buius
1107 2821 1175 2882 libri
1193 2821 1381 2885 varietatem

345 2907 626 2991 transscripseram.
645 2915 735 2986 atque
745 2904 799 2966 hos
808 2924 930 2966 errores
939 2904 1040 2967 statim
1050 2906 1202 2985 corrigere
1212 2904 1380 2979 debebam3

346 2992 399 3058 scd
421 3012 482 3054 uon
504 2989 578 3064 feci,
603 3010 692 3071 quum
714 3008 807 3070 aegro
830 2988 936 3051 ferrern
959 2989 1036 3068 quod
1055 3007 1131 3068 quae
1149 3007 1207 3069 ego
1225 3009 1285 3049 non
1304 2990 1378 3051 sine

345 3074 514 3158 sumptibus
540 3091 782 3156 comparaveram
802 3071 855 3132 alii
875 3069 908 3134 in
930 3090 1016 3135 suum
1039 3091 1125 3142 usum
1143 3073 1281 3133 certatim
1299 3094 1377 3134 cou-

346 3159 514 3226 vertebant.
552 3177 645 3221 unum
663 3155 749 3230 oddo,
768 3175 807 3219 nc
824 3155 892 3239 quis
908 3155 1017 3219 iterum
1034 3155 1107 3217 mibi
1125 3155 1206 3217 litem
1224 3156 1374 3227 intendat,

347 3244 478 3309 codicem
500 3242 532 3306 A
547 3241 586 3304 ad
603 3251 720 3305 textum
739 3240 815 3304 Ant.
833 3241 916 3324 Aug.
936 3239 1128 3316 Renouardi‚
1150 3237 1249 3304 Paris.
1261 3240 1370 3321 1795,

346 3328 478 3392 codicem
496 3323 523 3390 B
541 3326 580 3389 ad
597 3336 713 3389 textum
733 3322 868 3388 Brotcrii
884 3342 952 3385 esse
970 3324 1119 3384 collatum.

430 3408 478 3473 De
495 3410 553 3471 illis
571 3409 750 3471 editionibus
767 3425 844 3487 qnae
861 3425 958 3467 meam
975 3416 1097 3468 secutae
1112 3415 1183 3467 sunt
1196 3404 1372 3469 dicerelon·

294 3526 298 3535 =
346 3515 417 3578 gum
434 3504 492 3559 est.
522 3510 627 3554 omncs
645 3487 730 3565 novi,
749 3487 876 3571 perlegi.
904 3507 922 3549 a
940 3489 1047 3571 quibus
1065 3490 1140 3552 viris
1158 3490 1283 3552 meliora
1301 3489 1372 3551 edo-

346 3590 517 3650 museum,
540 3593 594 3637 eos
615 3568 752 3646 laudavi}
780 3572 913 3656 reliquos
931 3574 1082 3671 respicere
1098 3584 1220 3658 propter
1242 3584 1372 3635 annota-

244 3656 252 3659 “
316 3691 320 3702 ·
348 3663 439 3735 tionis¹
456 3660 603 3726 rationem
621 3677 658 3718 ac
675 3657 792 3719 modum
811 3676 874 3719 uon
891 3667 984 3742 potor.

432 3783 502 3844 Sor.
522 3774 658 3841 Fuldae
680 3792 783 3837 mense
800 3771 968 3836 Novembri

518 3885 547 3927 a.
568 3855 907 3949 mucccxxmuu.
936 3948 939 3953 4

758 4101 966 4114 -..κ-φω-
